<?xml version="1.0" encoding="UTF-8"?><record xmlns="http://www.loc.gov/MARC21/slim" xmlns:cinclude="http://apache.org/cocoon/include/1.0" xmlns:zs="http://www.loc.gov/zing/srw/">
  <leader>00425nz  a2200133n  4500</leader>
  <controlfield tag="001">no2011101790</controlfield>
  <controlfield tag="003">DLC</controlfield>
  <controlfield tag="005">20110705145421.0</controlfield>
  <controlfield tag="008">110701n| acannaabn          |n aaa     c</controlfield>
  <datafield tag="010" ind1=" " ind2=" ">
    <subfield code="a">no2011101790</subfield>
  </datafield>
  <datafield tag="035" ind1=" " ind2=" ">
    <subfield code="a">(OCoLC)oca08903619</subfield>
  </datafield>
  <datafield tag="040" ind1=" " ind2=" ">
    <subfield code="a">MoU</subfield>
    <subfield code="b">eng</subfield>
    <subfield code="c">MoU</subfield>
  </datafield>
  <datafield tag="100" ind1="1" ind2=" ">
    <subfield code="a">Jacob, Matthew Allan</subfield>
  </datafield>
  <datafield tag="670" ind1=" " ind2=" ">
    <subfield code="a">A sporting chance, 2000:</subfield>
    <subfield code="b">cover (Matthew Allan Jacob ; University of Missouri--Columbia, Schoolof Journalism) p. 23 (Matt Jacob)</subfield>
  </datafield>
</record>